@link{github,
	title = {A Multimédia Vizualizációs Platform Github repositoryja.},
	url = {https://github.com/TMD44/mvp},
	year = {(2021.05.15.)\\},
}

@link{node,
	title = {A Node.JS hivatalos oldala és dokumentációja.},
	url = {https://nodejs.org},
	year = {(2021.05.15.)\\},
}

@link{yarn,
	title = {A Yarn Package Manager hivatalos oldala és dokumentációja.},
	url = {https://classic.yarnpkg.com/en/docs/install},
	year = {(2021.05.15.)\\},
}

@link{git,
	title = {A Git hivatalos letöltési oldala és dokumentációja.},
	url = {https://git-scm.com/downloads},
	year = {(2021.05.15.)\\},
}

@link{electron,
	title = {Az Electron hivatalos oldala és dokumentációja.},
	url = {https://www.electronjs.org},
	year = {(2021.05.15.)\\},
}

@link{react,
	title = {A React hivatalos oldala és dokumentációja.},
	url = {https://reactjs.org},
	year = {(2021.05.15.)\\},
}

@link{redux,
	title = {Az Redux hivatalos oldala és dokumentációja.},
	url = {https://redux.js.org},
	year = {(2021.05.15.)\\},
}

@link{tmdb,
	title = {A The Movie Database API hivatalos dokumentációja.},
	url = {https://developers.themoviedb.org},
	year = {(2021.05.15.)\\},
}

@link{node-themoviedb,
	title = {A ``node-themoviedb'' modul NPM letöltési oldala.},
	url = {https://www.npmjs.com/package/node-themoviedb},
	year = {(2021.05.15.)\\},
}

@link{material-ui,
	title = {A Material-UI hivatalos dokumentációja.},
	url = {https://material-ui.com},
	year = {(2021.05.15.)\\},
}

@link{sass,
	title = {A Sass hivatalos oldala és dokumentációja.},
	url = {https://sass-lang.com},
	year = {(2021.05.15.)\\},
}
